@article{PhysRev.65.117,
  title = {Crystal Statistics. I. A Two-Dimensional Model with an Order-Disorder Transition},
  author = {Onsager, Lars},
  journal = {Phys. Rev.},
  volume = {65},
  issue = {3-4},
  pages = {117--149},
  numpages = {0},
  year = {1944},
  month = {Feb},
  publisher = {American Physical Society},
  doi = {10.1103/PhysRev.65.117},
  url = {https://link.aps.org/doi/10.1103/PhysRev.65.117}
}

@misc{ComPhys,
	title={{Computational Physics, Lecture Notes Fall 2015}},
	author={Hjorth-Jensen, Morten},
	year={2015},
	publisher={University of Oslo},
	series={Computational Physics},
	howpublished={\url{https://github.com/CompPhysics/ComputationalPhysics/blob/master/doc/Lectures/lectures2015.pdf}}
}