@article{lectures,
	title = {\textbf{Computational Physics - Lecture notes Fall 2015}},
	author = {Hjorth-Jensen, M.},
	chapter = {Chap.7 Eigensystems},
	year = {2015}
}
