@misc{horizon,
	author={{NASA}},
	title={{HORIZONS Web-Interface}},
	organization={{Jet Propulsion Laboratory; California Institute of Technology}},
	url={https://ssd.jpl.nasa.gov/horizons.cgi#top}
}

@book{ComPhys,
	title={{Computational Physics, Lecture Notes Fall 2015}},
	author={Hjorth-Jensen, Morten},
	year={2015},
	publisher={University of Oslo},
	series={Computational Physics},
	howpublished={\url{https://github.com/CompPhysics/ComputationalPhysics/blob/master/doc/Lectures/lectures2015.pdf}}
}