@article{lectures,
	title = {\textbf{Computational Physics - Lecture notes Fall 2015}},
	author = {Hjorth-Jensen, M.},
	year = {2015},
	url = {https://github.com/CompPhysics/ComputationalPhysics/blob/master/doc/Lectures/lectures2015.pdf}
}

@book{press2007numerical,
	title={Numerical recipes 3rd edition: The art of scientific computing},
	author={Press, William H and Teukolsky, Saul A and Vetterling, William T and Flannery, Brian P},
	year={2007},
	publisher={Cambridge university press}
}